@misc{bib:satoshi,
  title={Bitcoin: A peer-to-peer electronic cash system},
  howpublished = {\url{http://bitcoin.org/bitcoin.pdf}},
  author={Nakamoto, Satoshi},
  year={2008}
}

@article{bib:air,
  title={Blockchain technology: Beyond bitcoin},
  author={Crosby, Michael and Pattanayak, Pradan and Verma, Sanjeev and Kalyanaraman, Vignesh},
  journal={Applied Innovation},
  volume={2},
  pages={6--10},
  year={2016}
}

@inproceedings{bib:pricing,
  title={Pricing via processing or combatting junk mail},
  author={Dwork, Cynthia and Naor, Moni},
  booktitle={Annual International Cryptology Conference},
  pages={139--147},
  year={1992},
  organization={Springer}
}

@article{bib:hashcash,
  title={Hashcash-a denial of service counter-measure},
  author={Back, Adam and others},
  year={2002}
}

@article{bib:terminology,
  title={A terminology for talking about privacy by data minimization: Anonymity, unlinkability, undetectability, unobservability, pseudonymity, and identity management},
  author={Pfitzmann, Andreas and Hansen, Marit},
  year={2010}
}

@article{bib:bitcoinbeyond,
  title={Bitcoin and beyond: A technical survey on decentralized digital currencies},
  author={Tschorsch, Florian and Scheuermann, Bj{\"o}rn},
  journal={IEEE Communications Surveys \& Tutorials},
  volume={18},
  number={3},
  pages={2084--2123},
  year={2016},
  publisher={IEEE}
}

@article{bib:deanon,
  title={Research on Anonymization and De-anonymization in the Bitcoin System},
  author={ShenTu, QingChun and Yu, JianPing},
  journal={arXiv preprint arXiv:1510.07782},
  year={2015}
}

@inproceedings{bib:whobitcoin,
  title={Who uses bitcoin? an exploration of the bitcoin community},
  author={Bohr, Jeremiah and Bashir, Masooda},
  booktitle={Privacy, Security and Trust (PST), 2014 Twelfth Annual International Conference on},
  pages={94--101},
  year={2014},
  organization={IEEE}
}

@misc{bib:multisignature,
  title={Securing Bitcoin wallets via a new DSA/ECDSA threshold signature scheme},
  author={Goldfeder, Steven and Gennaro, Rosario and Kalodner, Harry and Bonneau, Joseph and Kroll, Joshua A and Felten, Edward W and Narayanan, Arvind},
  year={2015},
  publisher={Accessed 2015-06-09}
}

@inproceedings{bib:anonAnalysis,
  title={An analysis of anonymity in the bitcoin system},
  author={Reid, Fergal and Harrigan, Martin},
  booktitle={Privacy, Security, Risk and Trust (PASSAT) and 2011 IEEE Third Inernational Conference on Social Computing (SocialCom), 2011 IEEE Third International Conference on},
  pages={1318--1326},
  year={2011},
  organization={IEEE}
}

@inproceedings{bib:deanonP2P,
  title={Deanonymisation of clients in Bitcoin P2P network},
  author={Biryukov, Alex and Khovratovich, Dmitry and Pustogarov, Ivan},
  booktitle={Proceedings of the 2014 ACM SIGSAC Conference on Computer and Communications Security},
  pages={15--29},
  year={2014},
  organization={ACM}
}

@inproceedings{bib:anonBitcoin,
  title={An analysis of anonymity in bitcoin using p2p network traffic},
  author={Koshy, Philip and Koshy, Diana and McDaniel, Patrick},
  booktitle={International Conference on Financial Cryptography and Data Security},
  pages={469--485},
  year={2014},
  organization={Springer}
}

@inproceedings{bib:secBlockchain,
  title={Introduction to Security and Privacy on the Blockchain},
  author={Halpin, Harry and Piekarska, Marta},
  booktitle={Security and Privacy Workshops (EuroS\&PW), 2017 IEEE European Symposium on},
  pages={1--3},
  year={2017},
  organization={IEEE}
}

@inproceedings{bib:laundering,
  title={An inquiry into money laundering tools in the Bitcoin ecosystem},
  author={Moser, Malte and Bohme, Rainer and Breuker, Dominic},
  booktitle={eCrime Researchers Summit (eCRS), 2013},
  pages={1--14},
  year={2013},
  organization={IEEE}
}

@article{bib:respCrypto,
  title={Blockchains and Bitcoin: Regulatory responses to cryptocurrencies},
  author={Guadamuz, Andres and Marsden, Christopher},
  year={2015}
}

@inproceedings{bib:fistful,
  title={A fistful of bitcoins: characterizing payments among men with no names},
  author={Meiklejohn, Sarah and Pomarole, Marjori and Jordan, Grant and Levchenko, Kirill and McCoy, Damon and Voelker, Geoffrey M and Savage, Stefan},
  booktitle={Proceedings of the 2013 conference on Internet measurement conference},
  pages={127--140},
  year={2013},
  organization={ACM}
}

@inproceedings{bib:fullDiscl,
  title={Conditions of Full Disclosure: The Blockchain Remuneration Model},
  author={English, S Matthew and Nezhadian, Ehsan},
  booktitle={Security and Privacy Workshops (EuroS\&PW), 2017 IEEE European Symposium on},
  pages={64--67},
  year={2017},
  organization={IEEE}
}

@inproceedings{bib:transGraph,
  title={Quantitative analysis of the full bitcoin transaction graph},
  author={Ron, Dorit and Shamir, Adi},
  booktitle={International Conference on Financial Cryptography and Data Security},
  pages={6--24},
  year={2013},
  organization={Springer}
}

@article{bib:anonBitcoinTrans,
  title={Anonymity of bitcoin transactions},
  author={MoÌˆser, Malte},
  year={2013}
}

@article{bib:osinference,
  title={Modeling unintended personal-information leakage from multiple online social networks},
  author={Irani, Danesh and Webb, Steve and Li, Kang and Pu, Calton},
  journal={IEEE Internet Computing},
  volume={15},
  number={3},
  pages={13--19},
  year={2011},
  publisher={IEEE}
}

@article{bib:ethereum:whitepaper,
  title={A next-generation smart contract and decentralized application platform},
  author={Buterin, Vitalik and others},
  journal={white paper},
  year={2014}
}

@article{bib:ethersok,
  title={Ethereum: state of knowledge and research perspectives},
  author={Tikhomirov, Sergei},
  year={2017}
}


@misc{bib:multisignaturebitcoinwiki,
  author = "Bitcoin Wiki",
  title = "Bitcoin Wiki --- Multisignature",
  year = "2018",
  howpublished = {\url{https://en.bitcoin.it/w/index.php?title=Multisignature&oldid=64634\#Multisignature_Applications}},
  note = "[Online; accessed 20-February-2018]"
}

@misc{bib:bitinfochart,
  title = "Bit Info Charts",
  howpublished = "\url{https://bitinfocharts.com/}"
}

@misc{bib:litecoin:wiki,
  author = "Litecoin Wiki",
  title = "Litecoin --- Litecoin Wiki{,} ",
  year = "2018",
  howpublished = "\url{https://litecoin.info/index.php?title=Litecoin&oldid=22}",
  note = "[Online; accessed 20-February-2018]"
}

@inproceedings{bib:zerocoin:white_paper,
  title={Zerocoin: Anonymous distributed e-cash from bitcoin},
  author={Miers, Ian and Garman, Christina and Green, Matthew and Rubin, Aviel D},
  booktitle={Security and Privacy (SP), 2013 IEEE Symposium on},
  pages={397--411},
  year={2013},
  organization={IEEE}
}

@inproceedings{bib:zerocash:white_paper,
  title={Zerocash: Decentralized anonymous payments from bitcoin},
  author={Sasson, Eli Ben and Chiesa, Alessandro and Garman, Christina and Green, Matthew and Miers, Ian and Tromer, Eran and Virza, Madars},
  booktitle={Security and Privacy (SP), 2014 IEEE Symposium on},
  pages={459--474},
  year={2014},
  organization={IEEE}
}

@misc{bib:bitcoinwiki:address,
  author = "Bitcoin Wiki",
  title = "Bitcoin Wiki --- Address",
  year = "2018",
  howpublished = {\url{https://en.bitcoin.it/w/index.php?title=Address&oldid=64889}},
  note = "[Online; accessed 20-February-2018]"
}

@misc{bib:bitcoinwiki:bech32,
  author = "Bitcoin Wiki",
  title = "Bitcoin Wiki --- Address",
  year = "2018",
  howpublished = {\url{https://en.bitcoin.it/w/index.php?title=Bech32&oldid=64887}},
  note = "[Online; accessed 20-February-2018]"
}

@misc{bib:monero:white_paper,
	title={Cryptonote v 2. 0},
	howpublished={\url{https://bravenewcoin.com/assets/Whitepapers/CryptoNote-V-2.0-whitepaper-annotated.pdf}},
	author={Van Saberhagen, Nicolas},
	year={2013}
}

@misc{bib:dogecoin:marketcap,
  title = {Dogecoin Market Capitalization},
  howpublished = {\url{https://bitinfocharts.com/comparison/dogecoin-marketcap.html}},
  note = {Accessed: 2018-03-20}
}

@book{bib:bitcoin:mastering,
  title={Mastering Bitcoin: Programming the Open Blockchain},
  author={Antonopoulos, Andreas M},
  year={2017},
  publisher={O'Reilly Media, Inc.}
}

@article{bib:ethereum:yellow:paper,
	title={Ethereum: A secure decentralised generalised transaction ledger},
	author={Wood, Gavin},
	journal={Ethereum Project Yellow Paper},
	volume={151},
	pages={1--32},
	year={2014}
}